<collection xmlns="http://www.loc.gov/MARC21/slim">
<record>
  <leader>01057nam0a22002411i 450 </leader>
  <controlfield tag="001">IT\ICCU\CNCE\057928</controlfield>
  <controlfield tag="005">20140410000000.0</controlfield>
  <datafield tag="012" ind1=" " ind2=" ">
    <subfield code="a">si,&amp; u-ap hio- li2. (C) 1561 (R)</subfield>
    <subfield code="2">fei</subfield>
  </datafield>
  <datafield tag="100" ind1=" " ind2=" ">
    <subfield code="a">20040503d1561        0itac0103    ba</subfield>
  </datafield>
  <datafield tag="101" ind1=" " ind2=" ">
    <subfield code="a">ITA</subfield>
  </datafield>
  <datafield tag="102" ind1=" " ind2=" ">
    <subfield code="a">IT</subfield>
  </datafield>
  <datafield tag="200" ind1="1" ind2=" ">
    <subfield code="a">Prouisioni sopra le pompe et moderationi del vestire de gl&apos;huomini et donne della citta, borghi, et conta di Rimino publicate sotto li 29 d&apos;Aprile, et reiterate alli 29 di nouembre MDLXI</subfield>
  </datafield>
  <datafield tag="210" ind1=" " ind2=" ">
    <subfield code="e">Stampate in Rimino</subfield>
    <subfield code="g">per Astolpho de Grandi veronese</subfield>
    <subfield code="h">1561</subfield>
  </datafield>
  <datafield tag="215" ind1=" " ind2=" ">
    <subfield code="a">\2! c.</subfield>
    <subfield code="d">4ʻ</subfield>
  </datafield>
  <datafield tag="620" ind1=" " ind2=" ">
    <subfield code="a">IT</subfield>
    <subfield code="d">Rimini</subfield>
  </datafield>
  <datafield tag="710" ind1="0" ind2="2">
    <subfield code="a">Rimini</subfield>
    <subfield code="3">9311</subfield>
  </datafield>
  <datafield tag="712" ind1="0" ind2="0">
    <subfield code="a">Grandi, Astolfo</subfield>
    <subfield code="3">IT\ICCU\CNCT\000591</subfield>
    <subfield code="4">650</subfield>
  </datafield>
  <datafield tag="791" ind1="0" ind2="0">
    <subfield code="a">De_Grandis, Astolfo</subfield>
    <subfield code="3">IT\ICCU\CNCT\003878</subfield>
    <subfield code="z">Grandi, Astolfo</subfield>
  </datafield>
  <datafield tag="791" ind1="0" ind2="0">
    <subfield code="a">Zangrandi, Astolfo</subfield>
    <subfield code="3">IT\ICCU\CNCT\003879</subfield>
    <subfield code="z">Grandi, Astolfo</subfield>
  </datafield>
  <datafield tag="791" ind1="0" ind2="0">
    <subfield code="a">Grandis, Astulphus de</subfield>
    <subfield code="3">IT\ICCU\CNCT\004952</subfield>
    <subfield code="z">Grandi, Astolfo</subfield>
  </datafield>
  <datafield tag="791" ind1="0" ind2="2">
    <subfield code="a">Astulphus Veronensis</subfield>
    <subfield code="3">IT\ICCU\CNCT\004953</subfield>
    <subfield code="z">Grandi, Astolfo</subfield>
  </datafield>
  <datafield tag="801" ind1=" " ind2="3">
    <subfield code="a">IT</subfield>
    <subfield code="b">ICCU</subfield>
    <subfield code="c">20201115</subfield>
  </datafield>
  <datafield tag="899" ind1=" " ind2=" ">
    <subfield code="a">Biblioteca civica Gambalunghiana. Rimini</subfield>
    <subfield code="1">RN0013</subfield>
    <subfield code="2">RAV RI</subfield>
  </datafield>
</record>
</collection>
